<?xml version="1.0" encoding="UTF-8"?><record xmlns="http://www.loc.gov/MARC21/slim" xmlns:cinclude="http://apache.org/cocoon/include/1.0" xmlns:zs="http://www.loc.gov/zing/srw/">
  <leader>00482cz  a2200157n  4500</leader>
  <controlfield tag="001">nr 91028314 </controlfield>
  <controlfield tag="003">DLC</controlfield>
  <controlfield tag="005">19920516141025.8</controlfield>
  <controlfield tag="008">910808n| acannaab|          |a aaa     c</controlfield>
  <datafield tag="010" ind1=" " ind2=" ">
    <subfield code="a">nr 91028314 </subfield>
  </datafield>
  <datafield tag="040" ind1=" " ind2=" ">
    <subfield code="a">NjP</subfield>
    <subfield code="c">NjP</subfield>
    <subfield code="d">DLC</subfield>
  </datafield>
  <datafield tag="100" ind1="1" ind2="0">
    <subfield code="a">Soldt, W. H. van</subfield>
  </datafield>
  <datafield tag="400" ind1="1" ind2="0">
    <subfield code="a">Van Soldt, W. H.</subfield>
  </datafield>
  <datafield tag="400" ind1="1" ind2="0">
    <subfield code="a">Soldt, Wilfred Hugo van</subfield>
  </datafield>
  <datafield tag="670" ind1=" " ind2=" ">
    <subfield code="a">Letters in the British Museum, 1990:</subfield>
    <subfield code="b">t.p. (W.H. van Soldt)</subfield>
  </datafield>
  <datafield tag="670" ind1=" " ind2=" ">
    <subfield code="a">His Studies in the Akkadian of Ugarit, 1991:</subfield>
    <subfield code="b">t.p. (Wilfred Hugo van Soldt)</subfield>
  </datafield>
</record>